<collection xmlns="http://www.loc.gov/MARC21/slim">
<record>
  <leader>00847nam0a22002051i 450 </leader>
  <controlfield tag="001">IT\ICCU\CNCE\041693</controlfield>
  <controlfield tag="005">20120824000000.0</controlfield>
  <datafield tag="012" ind1=" " ind2=" ">
    <subfield code="a">noie e,ri daua a-ue (C) 1579 (Q)</subfield>
    <subfield code="2">fei</subfield>
  </datafield>
  <datafield tag="100" ind1=" " ind2=" ">
    <subfield code="a">19981109f1579        0itac0103    ba</subfield>
  </datafield>
  <datafield tag="101" ind1=" " ind2=" ">
    <subfield code="a">ITA</subfield>
  </datafield>
  <datafield tag="102" ind1=" " ind2=" ">
    <subfield code="a">IT</subfield>
  </datafield>
  <datafield tag="200" ind1="1" ind2=" ">
    <subfield code="a">Caso, et miracolo grande successo nouamente in Prouenza in vna citt ̉adimandata Arli ...</subfield>
  </datafield>
  <datafield tag="210" ind1=" " ind2=" ">
    <subfield code="a">Stampata in Bologna</subfield>
    <subfield code="d">&amp; ristampata in Rauenna</subfield>
    <subfield code="c">per Francesco Tebaldini</subfield>
    <subfield code="d">\non prima del 1579!</subfield>
  </datafield>
  <datafield tag="215" ind1=" " ind2=" ">
    <subfield code="a">4 c.</subfield>
    <subfield code="d">8ʻ</subfield>
  </datafield>
  <datafield tag="300" ind1=" " ind2=" ">
    <subfield code="a">La data si ricava dall&apos;attivit ̉del tipografo a Ravenna</subfield>
  </datafield>
  <datafield tag="620" ind1=" " ind2=" ">
    <subfield code="a">IT</subfield>
    <subfield code="d">Ravenna</subfield>
  </datafield>
  <datafield tag="712" ind1="0" ind2="0">
    <subfield code="a">Tebaldini, Francesco</subfield>
    <subfield code="c"> &lt;di Osimo&gt;</subfield>
    <subfield code="3">IT\ICCU\CNCT\000787</subfield>
    <subfield code="4">650</subfield>
  </datafield>
  <datafield tag="791" ind1="0" ind2="0">
    <subfield code="a">Thebaldinus, Franciscus</subfield>
    <subfield code="3">IT\ICCU\CNCT\004116</subfield>
    <subfield code="z">Tebaldini, Francesco &lt;di Osimo&gt;</subfield>
  </datafield>
  <datafield tag="801" ind1=" " ind2="3">
    <subfield code="a">IT</subfield>
    <subfield code="b">ICCU</subfield>
    <subfield code="c">20201114</subfield>
  </datafield>
  <datafield tag="899" ind1=" " ind2=" ">
    <subfield code="a">Biblioteca comunale Classense. Ravenna</subfield>
    <subfield code="1">RA0036</subfield>
    <subfield code="2">RAV CL</subfield>
  </datafield>
</record>
</collection>
